@article{bksft06,
   author={Mascis, A. and Pacciarelli, D.},
   title={Job-shop scheduling with blocking and no-wait constraints},
   journal={European Journal of Operational Research},
   volume={143},
   year=2002,
   pages={498-517}
}

@article{bksla40,
   author={Ying, K.-C. and Lin, S.-W.},
   title={Solving no-wait job-shop scheduling problems using a multi-start simulated annealing with bi-directional shift timetabling algorithm},
   journal={Computers and Industrial Engineering},
   volume={146},
   year=2020,
   pages={498-517}
}


@article{jssp,
   author={Alan S. Manne},
   title={On the Job-Shop Scheduling Problem},
   journal={Operations Research},
   volume={8},
   year=1960,
   pages={219-223}
}

@article{ft,
   author={H. Fisher and G. L. Thompson},
   title={Probabilistic learning combinations of local job-shop scheduling rules},
   journal={Industrial Scheduling},
   volume={},
   year=1963,
   pages={225-251}
}

@article{la,
   author={S. Lawrence},
   title={An Experimental Investigation of Heuristic Scheduling Techniques (Supplement)},
   journal={Graduate School of Industrial Administration, Carnegie-Mellon University},
   volume={},
   year=1984,
   pages={}
}

 @phdthesis{gonzalez_2011, title={Soluciones Metaheurísticas al "Job-Shop Scheduling Problem with Sequence-Dependent Setup Times"}, author={González Fernández, Miguel Ángel}, year={2011}} 
 
 @article{valenzuela_2022, title={A cooperative coevolutionary algorithm approach to the no-wait job shop scheduling problem}, volume={194}, DOI={10.1016/j.eswa.2022.116498}, journal={Expert Systems with Applications}, author={Valenzuela-Alcaraz, Víctor M. and Cosío-León, M.A. and Romero-Ocaño, A. Danisa and Brizuela, Carlos A.}, year={2022}, pages={116498}} 